@article{hamedmoghadam2021percolation,
  author  = {Hamedmoghadam, Homayoun and Jalili, Mahdi and Vu, Hai and Stone, Lewi},
  doi     = {10.1038/s41467-021-21483-y},
  journal = {Nature Communications},
  month   = {02},
  pages   = {1254},
  title   = {Percolation of heterogeneous flows uncovers the bottlenecks of infrastructure networks},
  volume  = {12},
  year    = {2021},
}